
@book{nisan_roughgarden_tardos_vazirani_2007,
    editor  = {Nisan, Noam and Roughgarden, Tim and Tardos, {\'{E}}va and Vazirani, Vijay},
    place={Cambridge}, 
    title={Algorithmic Game Theory}, 
    DOI={10.1017/CBO9780511800481}, 
    Chapter = {9-13},
    %Title = {{Profit Maximization in Mechanism Design}},
    ublisher={Cambridge University Press}, 
    %pages={335--338},
    year={2007}
}


@inproceedings{giannakopoulos2020robust,
  title={Robust revenue maximization under minimal statistical information},
  author={Giannakopoulos, Yiannis and Po{\c{c}}as, Diogo and Tsigonias-Dimitriadis, Alexandros},
  booktitle={International Conference on Web and Internet Economics},
  pages={177--190},
  year={2020},
  organization={Springer}
}

@book{krishna2009auction,
  title={Auction theory},
  author={Krishna, Vijay},
  year={2009},
  publisher={Academic press}
}

@article{borjesson1979simple,
	title={Simple approximations of the error function Q (x) for communications applications},
	author={Borjesson, P and Sundberg, C-E},
	journal={IEEE Transactions on Communications},
	volume={27},
	number={3},
	pages={639--643},
	year={1979},
	doi = {10.1109/TCOM.1979.1094433},
	publisher={IEEE}
}


@misc{kotz1994continuous,
	title={Continuous Univariate Distributions, Vol. 1 of Wiley Series in Probability and Statistics},
	author={Kotz, Samuel and Johnson, Norman L and Balakrishnan, N},
	year={1994},
	chapter  = {13},
	publisher={New York: Wiley}
}

@article{myerson1981optimal,
	title={Optimal auction design},
	author={Myerson, Roger B},
	journal={Mathematics of operations research},
	volume={6},
	number={1},
	pages={58--73},
	year={1981},
	publisher={INFORMS}
}

@InCollection{Barlow1996,
	author    = {Richard E. Barlow and Frank Proschan},
	booktitle = {Mathematical Theory of Reliability},
	publisher = {Society for Industrial and Applied Mathematics},
	title     = {Failure Distributions},
	year      = {1996},
	chapter   = {2},
	month     = jan,
	doi       = {10.1137/1.9781611971194.ch2},
	urll       = {https://epubs.siam.org/doi/10.1137/1.9781611971194.ch2},
}

@book{johnson1995continuous,
  title={Continuous univariate distributions, volume 2},
  author={Johnson, Norman L and Kotz, Samuel and Balakrishnan, Narayanaswamy},
  volume={289},
  year={1995},
  publisher={John wiley \& sons}
}