@article{borjesson1979simple,
	title={Simple approximations of the error function Q (x) for communications applications},
	author={Borjesson, P and Sundberg, C-E},
	journal={IEEE Transactions on Communications},
	volume={27},
	number={3},
	pages={639--643},
	year={1979},
	doi = {10.1109/TCOM.1979.1094433},
	publisher={IEEE}
}



@misc{kotz1994continuous,
	title={Continuous Univariate Distributions, Vol. 1 of Wiley Series in Probability and Statistics},
	author={Kotz, Samuel and Johnson, Norman L and Balakrishnan, N},
	year={1994},
	chapter  = {13},
	publisher={New York: Wiley}
}

@article{myerson1981optimal,
	title={Optimal auction design},
	author={Myerson, Roger B},
	journal={Mathematics of operations research},
	volume={6},
	number={1},
	pages={58--73},
	year={1981},
	publisher={INFORMS}
}

@InCollection{Barlow1996,
	author    = {Richard E. Barlow and Frank Proschan},
	booktitle = {Mathematical Theory of Reliability},
	publisher = {Society for Industrial and Applied Mathematics},
	title     = {Failure Distributions},
	year      = {1996},
	chapter   = {2},
	month     = jan,
	doi       = {10.1137/1.9781611971194.ch2},
	url       = {https://epubs.siam.org/doi/10.1137/1.9781611971194.ch2},
}


@Manual{KohmMorawski2012,
  title =        {KOMA-Script},
  author =       {Kohm, Markus and Morawski, Jens-Uwe},
  year =         2012,
}

@Book{KohmMorawski2012b,
  author =       {Kohm, Markus and Morawski, Jens-Uwe},
  title =        {KOMA-Script},
  publisher =    {Verlag:Lehmanns},
  year =         2012,
  address =      {Berlin},
  edition =      {4. Auflage},
}

@Manual{Tantau2007,
  title =        {The TikZ and PGF Packages. Manual for version 2.00},
  key =          {tikz},
  author =       {Tantau, Till},
  address =      {Lübeck},
  month =        feb,
  year =         2008,
  url =          {http://sourceforge.net/projects/pgf},
}

@Manual{l2short,
  title =        {The Not So Short Introduction to LATEX2e},
  author =       {Tobias Oetiker and Hubert Partl and Irene Hyna and
                  Elisabeth Schlegl},
  year =         2011,
  url =          {http://tobi.oetiker.ch/lshort/lshort.pdf},
}

@Manual{l2tabu,
  title =        {Das LATEX 2e-Sündenregister},
  author =       {Marc Ensenbach and Mark Trettin},
  year =         2011,
  url =
                  {http://mirror.ctan.org/info/l2tabu/german/l2tabu.pdf},
}

@Manual{listings,
  title =        {The Listings Package},
  author =       {Carsten Heinz and Brooks Moses},
  year =         2007,
  url =
                  {http://mirrors.ctan.org/macros/latex/contrib/listings/listings.pdf},
}

@Manual{ntheorem,
  title =        {An Extension of the LATEX-Theorem Evironment},
  author =       {Wolfgang May and Andreas Schedler},
  year =         2011,
  url = {http://mirrors.ctan.org/macros/latex/contrib/ntheorem/ntheorem.pdf},
}

@Manual{fixme,
  title =        {FiXme – Collaborative annotation tool for LATEX},
  author =       {Didier Verna},
  year =         2009,
  url = {http://mirror.ctan.org/macros/latex/contrib/fixme/fixme.pdf},
}


@Book{vanDongen2012,
  author =       {Marc R. C. van Dongeren},
  title =        {LaTeX and Friends},
  publisher =    {Springer},
  year =         2012
}

